@misc{pravdepodobnost,
	author = "ADITYA JONNALAGADDA, University of California, Santa Barbara, USA",
	title = "Robust Vision-Based Cheat Detection in Competitive Gaming", 
	howpublished = "\url{https://dl.acm.org/doi/pdf/10.1145/3451259}",
	month = nov,
	year = "2022", 
}
@misc{wallhack,
	author = "Harry Dunham, The College of Wooster,",
	title = "Cheat Detection using Machine Learning within Counter-Strike:
Global Offensive", 
	howpublished = "\url{https://openworks.wooster.edu/cgi/viewcontent.cgi?article=11803&context=independentstudy}",
	month = nov,
	year = "2022", 
}
@misc{aim,
	author = "Ruan Spijkerman, Academy of Computer Science and Software Engineering,
University of Johannesburg, South Africa",
	title = "Cheat Detection in a Multiplayer First-Person Shooter Using
Artificial Intelligence Tools", 
	howpublished = "\url{https://dl.acm.org/doi/pdf/10.1145/3440840.3440857}",
	month = nov,
	year = "2022",
}
