@misc{pravdepodobnost,
	author = "ADITYA JONNALAGADDA, University of California, Santa Barbara, USA",
	title = "Robust Vision-Based Cheat Detection in Competitive Gaming", 
	howpublished = "\url{https://dl.acm.org/doi/pdf/10.1145/3451259}",
	month = nov,
	year = "2022", 
}
@misc{wallhack,
	author = "Harry Dunham, The College of Wooster,",
	title = "Cheat Detection using Machine Learning within Counter-Strike:
Global Offensive", 
	howpublished = "\url{https://openworks.wooster.edu/cgi/viewcontent.cgi?article=11803&context=independentstudy}",
	month = nov,
	year = "2022", 
}
@misc{aim,
	author = "Ruan Spijkerman, Academy of Computer Science and Software Engineering,
University of Johannesburg, South Africa",
	title = "Cheat Detection in a Multiplayer First-Person Shooter Using
Artificial Intelligence Tools", 
	howpublished = "\url{https://dl.acm.org/doi/pdf/10.1145/3440840.3440857}",
	month = nov,
	year = "2022",
}
@misc{git,
	author = "Ján Lang, Fakulta informatiky a informačných technológií,
 Slovenská technická univerzita, Slovensko",
	title = "Inžinierska práca v informatike a písanie technického textu", 
	howpublished = "\url{http://www2.fiit.stuba.sk/~lang/mip/prednasky/p02_mip.pdf}",
	month = dec,
	year = "2022",
}
@misc{viz,
	author = "Ján Lang, Fakulta informatiky a informačných technológií,
 Slovenská technická univerzita, Slovensko",
	title = "Grafické vyjadrenie informácií v informatike", 
	howpublished = "\url{http://www2.fiit.stuba.sk/~lang/mip/prednasky/p04_mip.pdf}",
	month = dec,
	year = "2022",
}
@misc{scrum,
	author = "Valentino Vranić, Fakulta informatiky a informačných technológií,
 Slovenská technická univerzita, Slovensko",
	title = "Technológia a ľudia: Scrum", 
	howpublished = "\url{https://prezi.com/view/d8NFtpaX7VbyLIob185c/}",
	month = dec,
	year = "2022",
}
@misc{pries,
	author = "Eui Jun Jeong, Kunkong University, South Korea",
	title = "Why Do Some Users Become Enticed to Cheating in Competitive Online Games? An Empirical Study of Cheating Focused on Competitive Motivation, Self-Esteem, and Aggression", 
	howpublished = "\url{https://www.frontiersin.org/articles/10.3389/fpsyg.2021.768825/full}",
	month = dec,
	year = "2022",
}
@misc{solve,
	author = "Shane Willcox, United Kingdom",
	title = "Cheating Prevention in Multiplayer Online Games", 
	howpublished = "\url{https://www.ukessays.com/essays/computer-science/cheating-prevention-multiplayer-online-3887.php}",
	month = dec,
	year = "2022",
}
